%% This BibTeX bibliography file was created using BibDesk.
%% http://bibdesk.sourceforge.net/

%% Created for Nicholas Tustison at 2018-04-22 19:04:39 -0700 


%% Saved with string encoding Unicode (UTF-8) 



@inproceedings{Ronneberger:2015aa,
	Author = {Olaf Ronneberger and Philipp Fischer and Thomas Brox},
	Booktitle = {Proceedings of the International Conference on Medical Image Computing and Computer-Assisted Intervention},
	Date-Added = {2018-04-23 02:02:20 +0000},
	Date-Modified = {2018-04-23 02:04:39 +0000},
	Pages = {234-241},
	Publisher = {Springer},
	Series = {LNCS},
	Title = {U-Net: Convolutional Networks for Biomedical Image Segmentation},
	Volume = {9351},
	Year = {2015}}

@article{Russakovsky:2015aa,
	Author = {Olga Russakovsky and Jia Deng and Hao Su and Jonathan Krause and Sanjeev Satheesh and Sean Ma and Zhiheng Huang and Andrej Karpathy and Aditya Khosla and Michael Bernstein and Alexander C. Berg and Li Fei-Fei},
	Date-Added = {2018-04-22 23:12:38 +0000},
	Date-Modified = {2018-04-22 23:15:44 +0000},
	Journal = {International Journal of Computer Vision},
	Month = {December},
	Number = {3},
	Pages = {211-252},
	Title = {ImageNet Large Scale Visual Recognition Challenge},
	Volume = {115},
	Year = {2015}}

@article{LeCun:2015aa,
	Author = {Yann LeCun and Yoshua Bengio and Geoffrey Hinton},
	Date-Added = {2018-04-22 22:56:12 +0000},
	Date-Modified = {2018-04-22 22:58:09 +0000},
	Journal = {Nature},
	Month = {May},
	Pages = {436-444},
	Title = {Deep learning},
	Volume = {521},
	Year = {2015}}

@article{AlexNet,
	Acmid = {3065386},
	Address = {New York, NY, USA},
	Author = {Krizhevsky, Alex and Sutskever, Ilya and Hinton, Geoffrey E.},
	Doi = {10.1145/3065386},
	Issn = {0001-0782},
	Issue_Date = {June 2017},
	Journal = {Commun. ACM},
	Month = may,
	Number = {6},
	Numpages = {7},
	Pages = {84--90},
	Publisher = {ACM},
	Title = {ImageNet Classification with Deep Convolutional Neural Networks},
	Url = {http://doi.acm.org/10.1145/3065386},
	Volume = {60},
	Year = {2017},
	Bdsk-Url-1 = {http://doi.acm.org/10.1145/3065386},
	Bdsk-Url-2 = {https://doi.org/10.1145/3065386}}


@article{VNet,
  author    = {Fausto Milletari and
               Nassir Navab and
               Seyed{-}Ahmad Ahmadi},
  title     = {V-Net: Fully Convolutional Neural Networks for Volumetric Medical
               Image Segmentation},
  journal   = {CoRR},
  volume    = {abs/1606.04797},
  year      = {2016},
  url       = {http://arxiv.org/abs/1606.04797},
  archivePrefix = {arXiv},
  eprint    = {1606.04797},
  timestamp = {Wed, 07 Jun 2017 14:40:44 +0200},
  biburl    = {https://dblp.org/rec/bib/journals/corr/MilletariNA16},
  bibsource = {dblp computer science bibliography, https://dblp.org}}

@article{Taylor:2017aa,
  author    = {Luke Taylor and
               Geoff Nitschke},
  title     = {Improving Deep Learning using Generic Data Augmentation},
  journal   = {CoRR},
  volume    = {abs/1708.06020},
  year      = {2017},
  url       = {http://arxiv.org/abs/1708.06020},
  archivePrefix = {arXiv},
  eprint    = {1708.06020},
  timestamp = {Tue, 05 Sep 2017 10:03:46 +0200},
  biburl    = {https://dblp.org/rec/bib/journals/corr/abs-1708-06020},
  bibsource = {dblp computer science bibliography, https://dblp.org}}
